<?xml version="1.0" encoding="UTF-8"?><collection><record><leader>07645ntm a2200553 a 4500</leader><controlfield tag="001">006833774</controlfield><controlfield tag="003">MiAaHDL</controlfield><controlfield tag="005">20190719000000.0</controlfield><controlfield tag="006">m        d        </controlfield><controlfield tag="007">cr bn ---auaua</controlfield><controlfield tag="008">090406q13uu14uuxx            00| ||ara d</controlfield><datafield tag="035" ind1=" " ind2=" "><subfield code="a">(MiU)006833774</subfield></datafield><datafield tag="035" ind1=" " ind2=" "><subfield code="a">sdr-miu006833774</subfield></datafield><datafield tag="040" ind1=" " ind2=" "><subfield code="a">MiU</subfield><subfield code="c">MiU</subfield></datafield><datafield tag="100" ind1="1" ind2=" "><subfield code="6">880-01</subfield><subfield code="a">Zamakhsharī, Maḥmūd ibn ʻUmar,</subfield><subfield code="d">1075-1144.</subfield></datafield><datafield tag="240" ind1="1" ind2="0"><subfield code="6">880-02</subfield><subfield code="a">Kashshāf.</subfield><subfield code="n">jild 2</subfield></datafield><datafield tag="245" ind1="1" ind2="3"><subfield code="6">880-03</subfield><subfield code="a">[al-Jild al-thānī min al-Kashshāf,</subfield><subfield code="f">14th to 15th century?].</subfield></datafield><datafield tag="246" ind1="3" ind2="8"><subfield code="6">880-04</subfield><subfield code="a">Jild al-thānī fī Tafsīr al-Kashshāf awwal Sūrāt al-Aʻrāf ilá ākhir Sūrat Luqmān</subfield></datafield><datafield tag="260" ind1=" " ind2=" "><subfield code="c">[13-- to 14--?].</subfield></datafield><datafield tag="300" ind1=" " ind2=" "><subfield code="a">319 leaves :</subfield><subfield code="b">paper ;</subfield><subfield code="c">240 x 165 (175 x 105) mm. bound to 240 x 170 mm.</subfield></datafield><datafield tag="500" ind1=" " ind2=" "><subfield code="a">Shelfmark: Ann Arbor, University of Michigan, Special Collections Library, Isl. Ms. 5 v.2</subfield></datafield><datafield tag="500" ind1=" " ind2=" "><subfield code="a">Origin: Lacks a colophon. Paper would suggest 14th to 15th century.</subfield></datafield><datafield tag="500" ind1=" " ind2=" "><subfield code="a">Accompanying materials: Several inserted slips: between fol.68-69 (p.136-7) additional traditions (with rubricated قوله) on European paper -- between fol.109-110 (p.218-9) possible study note written on European paper torn from another ms. -- between fol.189-190 (p.378-9) insert on European paper, different hand/ink, tipped in.</subfield></datafield><datafield tag="500" ind1=" " ind2=" "><subfield code="a">Former shelfmark: British Museum, London "British Museum, London. No. 48. Zamakhshari's Commentary on Kuran VII - XXXII."</subfield></datafield><datafield tag="500" ind1=" " ind2=" "><subfield code="a">Binding: Pasteboards covered in European paper over dark brown leather ; Type II binding (with flap, though now missing) ; endbands in yellow and blue ; in fair condition with spine slant (codex severely cocked), abrasions on the edges, front cover partially detached, missing foreedge and envelope flap, and some insect damage.</subfield></datafield><datafield tag="500" ind1=" " ind2=" "><subfield code="a">Support: non-European (likely Persian and Arab) laid paper ; main type a Persian (?) laid paper, perhaps 14th century with laid lines running horizontally spaced roughly 7-8 laid lines per cm., chain lines as sporadic short lengths or perhaps paired in some leaves, lightly sized and burnished, some sagging of laid lines, many inclusions, and undissolved fibers ; second type (from hand change on) likely Arab laid paper of 15th century with chain lines grouped in threes, 9-10 mm. between the chain lines of each group and roughly 48 mm. between the groups (see fol.304), laid lines running horizontally spaced roughly 8 laid lines per cm., lightly burnished ; front flyleaf/pastedown in European laid paper with laid lines running horizontally spaced 7 laid lines per cm. chain lines running vertically spaced evenly about 28 mm. apart with crown, star, crescent watermark ; back flyleaf/pastedown in European laid paper with laid lines running horizontally spaced roughly 11 laid lines per cm. and watermark with serpent on cross above bull's head with eyes, ears, and horns (compare Heawood, 3784, pl. 508) ; some moisture and insect damage, obstructing text.</subfield></datafield><datafield tag="500" ind1=" " ind2=" "><subfield code="a">Decoration: Text rubricated with occasional headings, overlinings, etc. in red ; ink burn throughout.</subfield></datafield><datafield tag="500" ind1=" " ind2=" "><subfield code="a">Script: Naskh ; two main hands, with fol.235b (p.470) and following supplied in second hand; first a Transoxanian or Persian hand, virtually serifless, with slight effect of words descending to baseline and mainly closed counters ; second a Persian or Turkish hand, quite rounded with mainly closed counters, mainly sans serif but with occasional right sloping head-serif on lām, ṭāʼ, etc. ; headings in larger heavier script approaching tawqīʻ, quite consistent use of the lām alif al-mukhaffafah ; occasionally vocalized.</subfield></datafield><datafield tag="500" ind1=" " ind2=" "><subfield code="a">Layout: Written in 27-30 lines per page (most often 29) ; frame-ruled with impression of ruling board evident.</subfield></datafield><datafield tag="500" ind1=" " ind2=" "><subfield code="a">Collation: i, III (6), 18 V (186), III (192), III+1 (199), 12 V (319), i ; chiefly quinions ; quire numbering in the form of "juzʼ" with an underlined number, appearing at the beginning of the quire ; however, many quires are not marked (perhaps cut off in trimming) and some juzʼ marks do not correspond to the beginning of the quires ; appears to be lacking matter at close where it cuts off abruptly (see catchword) ; fols. 192a-194a (p.383-387) blank and unmarked, Surat Maryam (19) is started on p.382, but continues for only half a page then restarts on p. 388 ; catchwords present ; pagination in pencil, Western numerals with many mistakes, repaginated during cataloguing.</subfield></datafield><datafield tag="500" ind1=" " ind2=" "><subfield code="a">Explicit: "ويجوز ان يخاطب به كل احد كما تقول فلان لئيم ان اكرمته اهانك وان احسنت اليه"</subfield></datafield><datafield tag="500" ind1=" " ind2=" "><subfield code="a">Incipit: "سورة الاعراف مكية غير ثمان ايات و[هي قوله ا]سئلهم عن القرية الى [قوله] واذ نتقنا [الجبل فوقهم] وهي مائتان وخمس ايات بسم الله الرحمن الرحيم كتاب خبر مبتدا محذوف اي هو كتاب وانزل اليك صفة له"</subfield></datafield><datafield tag="500" ind1=" " ind2=" "><subfield code="a">Title supplied by cataloguer from spine title.</subfield></datafield><datafield tag="500" ind1=" " ind2=" "><subfield code="a">Ms. codex.</subfield></datafield><datafield tag="510" ind1="4" ind2=" "><subfield code="a">Brockelmann, C. GAL,</subfield><subfield code="c">I, 290</subfield></datafield><datafield tag="520" ind1="8" ind2=" "><subfield code="a">An odd second volume of al-Zamakhsharī's celebrated commentary on the Qurʼān treating Sūrat al-Aʻrāf (7) through verse 12 of Sūrat al-Sajdah (32) [see Isl. Ms. 5 v.1 for a first odd volume treating Sūrahs 1-25]. Description provided by Alison Vacca.</subfield></datafield><datafield tag="538" ind1=" " ind2=" "><subfield code="a">Mode of access: Internet.</subfield></datafield><datafield tag="541" ind1=" " ind2=" "><subfield code="c">Purchase ;</subfield><subfield code="a">Acquired by purchase along with Abdul Hamid Collection (funds donated by Horace Rackham).</subfield><subfield code="d">1924.</subfield></datafield><datafield tag="546" ind1=" " ind2=" "><subfield code="a">Arabic.</subfield></datafield><datafield tag="561" ind1=" " ind2=" "><subfield code="a">Bookplate of British Museum, London on inner front cover,"British Museum, London. No. 48. Zamakhshari's Commentary on Kuran VII - XXXII." ; circular seal impression with figure of goat/gazelle in purple ink as well as inscription "307" in Western numerals on front flyleaf ; a few ownership statements on front flyleaf including one in the name of Aḥmad al-Khāṭif Khayyāṭīʹzādah ; octagonal seal impression in black ink on front flyleaf, inscription difficult to make out ; on paper (tinted) pasted on fol.1a (p.1), a detailed waqf statement in the name of al-Sayyid ʻAbd Allāh Adīb (Abdullah Edip), known as Jannatʹzādah (Cennet-zade), qāḍī of Erzurum, accompanied by his seal, reads: "وقفت وقفا صحيحا شرعيا على ان لا يخرج من بيت الكتب الملتصق بداري الا لعلماء سكنوا بارضروم بكفيل مرعى اورهن قوي وانا الفقير اليه عز شانه السيد عبد الله اديب الشهير بجنت زاده القاضي بمدينة ارضروم في سنة اثنى وستين ومائتين والف" also inscription in inner margin on fol.138a (p.275) "وقف جنت زاده" ; finger tabs in the form of blue threads serve as bookmarks ; collation statement on fol.1a (p.1 / p.3) "عدد اجزا 33" ; marginal corrections.</subfield></datafield><datafield tag="630" ind1="0" ind2="0"><subfield code="a">Qurʼan</subfield><subfield code="v">Commentaries</subfield><subfield code="v">Early works to 1800.</subfield></datafield><datafield tag="650" ind1=" " ind2="0"><subfield code="a">Manuscripts, Arabic</subfield><subfield code="z">Michigan</subfield><subfield code="z">Ann Arbor.</subfield></datafield><datafield tag="700" ind1="0" ind2=" "><subfield code="6">880-06</subfield><subfield code="a">Aḥmad al-Khāṭif Khayyāṭīʹzādah,</subfield><subfield code="e">former owner.</subfield></datafield><datafield tag="773" ind1="0" ind2=" "><subfield code="a">Tiflis Collection.</subfield></datafield><datafield tag="880" ind1="0" ind2=" "><subfield code="6">700-06/</subfield><subfield code="a">احمد الخاطف خياطى زاده,</subfield><subfield code="e">مالك سابق.</subfield></datafield><datafield tag="880" ind1="3" ind2="8"><subfield code="6">246-04/</subfield><subfield code="a">جلد الثاني في تفسير الكشاف اول سورة الاعراف الى اخر سورة لقمان</subfield></datafield><datafield tag="880" ind1="1" ind2="2"><subfield code="6">245-03/</subfield><subfield code="a">[الجلد الثاني من الكشاف,</subfield><subfield code="f">القرن 14 الى القرن 15م؟].</subfield></datafield><datafield tag="880" ind1="1" ind2="0"><subfield code="6">240-02/</subfield><subfield code="a">كشاف.</subfield><subfield code="n">جلد 2</subfield></datafield><datafield tag="880" ind1="1" ind2=" "><subfield code="6">100-01/</subfield><subfield code="a">زمخشري، محمود بن عمر</subfield></datafield><datafield tag="CID" ind1=" " ind2=" "><subfield code="a">006833774</subfield></datafield><datafield tag="DAT" ind1="0" ind2=" "><subfield code="a">20190719102641.0</subfield><subfield code="b">20190719000000.0</subfield></datafield><datafield tag="DAT" ind1="1" ind2=" "><subfield code="a">20190719090653.0</subfield><subfield code="b">2019-07-19T16:12:25Z</subfield></datafield><datafield tag="DAT" ind1="2" ind2=" "><subfield code="a">2015-10-10T18:00:06Z</subfield></datafield><datafield tag="CAT" ind1=" " ind2=" "><subfield code="a">SDR-MIU</subfield><subfield code="d">EX LIBRIS - ALEPH</subfield><subfield code="l">prepare.pl-004-008</subfield></datafield><datafield tag="FMT" ind1=" " ind2=" "><subfield code="a">BK</subfield></datafield><datafield tag="HOL" ind1=" " ind2=" "><subfield code="0">sdr-miu006833774</subfield><subfield code="a">MiU</subfield><subfield code="b">SDR</subfield><subfield code="c">MIU</subfield><subfield code="p">mdp.39015079131747</subfield><subfield code="s">MIU</subfield><subfield code="1">006833774</subfield></datafield><datafield tag="974" ind1=" " ind2=" "><subfield code="b">MIU</subfield><subfield code="c">MIU</subfield><subfield code="d">20190719</subfield><subfield code="s">lit-dlps-dc</subfield><subfield code="u">mdp.39015079131747</subfield><subfield code="y">1499</subfield><subfield code="r">pd</subfield><subfield code="q">bib</subfield><subfield code="t">non-US bib date2 &lt; 1896</subfield></datafield></record></collection>